@article{priestley1997,
author = {Priestley, MJN},
file = {:Users/Roberto/Dropbox/PhD THESIS/literature review/papers/DDBA/priestley1997.pdf:pdf},
journal = {Journal of Earthquake Engineering},
number = {1},
pages = {157--192},
title = {{Displacement-based seismic assessment of reinforced concrete buildings}},
volume = {1},
year = {1997}
}